<?xml version="1.0" encoding="UTF-8"?><collection><record><leader>05350ntm a2200589 a 4500</leader><controlfield tag="001">006822231</controlfield><controlfield tag="003">MiAaHDL</controlfield><controlfield tag="005">20190719000000.0</controlfield><controlfield tag="006">m        d        </controlfield><controlfield tag="007">cr bn ---auaua</controlfield><controlfield tag="008">090623q18001840xx            00| ||ota d</controlfield><datafield tag="035" ind1=" " ind2=" "><subfield code="a">(MiU)006822231</subfield></datafield><datafield tag="035" ind1=" " ind2=" "><subfield code="a">sdr-miu006822231</subfield></datafield><datafield tag="040" ind1=" " ind2=" "><subfield code="a">MiU</subfield><subfield code="c">MiU</subfield><subfield code="e">amremm</subfield></datafield><datafield tag="041" ind1="0" ind2=" "><subfield code="a">ota</subfield></datafield><datafield tag="043" ind1=" " ind2=" "><subfield code="a">n-us-mi</subfield><subfield code="a">a-tu---</subfield></datafield><datafield tag="100" ind1="0" ind2=" "><subfield code="6">880-01</subfield><subfield code="a">Abdullah el-Kâtip.</subfield></datafield><datafield tag="245" ind1="1" ind2="0"><subfield code="6">880-03</subfield><subfield code="a">Tezkire-yi rumat,</subfield><subfield code="f">[early 19th century?].</subfield></datafield><datafield tag="246" ind1="3" ind2=" "><subfield code="a">Tezkire-yi ramat</subfield></datafield><datafield tag="246" ind1="3" ind2=" "><subfield code="a">Tezkiretü'r-ramat</subfield></datafield><datafield tag="246" ind1="3" ind2=" "><subfield code="i">Edge title (tail):</subfield><subfield code="a">تذكرۀ رمات</subfield></datafield><datafield tag="260" ind1=" " ind2=" "><subfield code="c">[1800-1840?].</subfield></datafield><datafield tag="300" ind1=" " ind2=" "><subfield code="a">86 leaves :</subfield><subfield code="b">paper ;</subfield><subfield code="c">215 x 158 (143 x 81) mm.</subfield></datafield><datafield tag="500" ind1=" " ind2=" "><subfield code="a">Shelfmark: Ann Arbor, University of Michigan, Special Collections Library, Isl. Ms. 394</subfield></datafield><datafield tag="500" ind1=" " ind2=" "><subfield code="a">Origin: Lacks dated colophon ; paper, etc. would suggest early 19th century.</subfield></datafield><datafield tag="500" ind1=" " ind2=" "><subfield code="a">Former shelfmark: "495 T. De M. [i.e. Tammaro De Marinis]" inscribed in pencil on interior of upper cover.</subfield></datafield><datafield tag="500" ind1=" " ind2=" "><subfield code="a">Binding: Pasteboards covered in red leather ; Type II binding (with flap) ; board linings in pale pink laid paper, flyleaves surface-dyed mint green ; upper and lower covers carry tooled and gold-painted corner accents (mainly rosettes) and border (guilloché roll flanked by gold fillets) ; design continues on envelope flap ; sewn in cream thread, two stations ; worked chevron endbands in yellow and brown, fairly good condition ; overall in fairly good condition with minor staining, etc.</subfield></datafield><datafield tag="500" ind1=" " ind2=" "><subfield code="a">Support: European laid paper with 6-7 laid lines per cm. (vertical), chain lines spaced 29-30 mm. apart (horizontal), and watermarks of three stylized top hats with feathers (see p.6, 10, 170, etc. and compare Heawood 2594, Venice 1831 and Eineder 709, Venice 1814) and "C + B" (see p. 2, 168, etc.), quite sturdy and well-burnished, cream in color ; minor foxing.</subfield></datafield><datafield tag="500" ind1=" " ind2=" "><subfield code="a">Decoration: Illuminated headpiece at opening on p.2, consisting of rectangular piece carrying the basmalah surmounted by scalloped dome filled with floral vegetal design in gold, itself surmounted by vertical stalks (tīgh) also in gold with entire piece set in a well of gold ; written area surrounded by gold frame defined by black fillets ; keywords (including catchwords) and section headings rubricated ; textual dividers in the form of gold discs.</subfield></datafield><datafield tag="500" ind1=" " ind2=" "><subfield code="a">Script: Naskh ; clear Turkish hand ; partially but irregularly seriffed with right-sloping head-serifs on occasional lām, effect of tilt to the left, curvilinear descenders, mainly open counters, pointing (for two and three dots) in strokes rather than distinct dots.</subfield></datafield><datafield tag="500" ind1=" " ind2=" "><subfield code="a">Layout: Written in 17 lines per page ; frame-ruled.</subfield></datafield><datafield tag="500" ind1=" " ind2=" "><subfield code="a">Collation: i, 8 V(80), III (86), i ; almost exclusively quinions ; catchwords present (rubricated) ; pagination in pencil, Western numerals, supplied during digitization.</subfield></datafield><datafield tag="500" ind1=" " ind2=" "><subfield code="a">Explicit: "شاعر شرمى جلبى ميدان اشمش راميلردن اولوب جكدوكى مرتبه رميه قادراتجى ايدى رحمه الله عليه نقاش زاده اسمعيل تازه نوجوان اولوب تيراندازيره مسلم وممتاز ايدى خاتمة رساله"</subfield></datafield><datafield tag="500" ind1=" " ind2=" "><subfield code="a">Incipit: "الحمد لله رب العالمين والصلوة والسلام على سيدنا محمد الذى فضل الرمى على سائر الاسلحة اجمعين وامر بالرمى لكل كبير وصغير من المؤمنين ... وبعد بو فقير پر تقصير عبد الله الكاتب بجامع مرحومه ومغفور بها والده سلطان طاب ثراها بو رسالۀ سكزباب اوزره تزيين وتنميق ايليوب تذكرۀ رمات تسميه ايلدم ..."</subfield></datafield><datafield tag="500" ind1=" " ind2=" "><subfield code="a">Title from opening matter (p.2).</subfield></datafield><datafield tag="500" ind1=" " ind2=" "><subfield code="a">Ms. codex.</subfield></datafield><datafield tag="510" ind1="4" ind2=" "><subfield code="a">Eineder, Georg. The ancient paper-mills of the former Austro-Hungarian Empire and their watermarks. Hilversum, Holland: Paper Publications Society, 1960.</subfield></datafield><datafield tag="510" ind1="4" ind2=" "><subfield code="a">Fihris al-makhṭūṭāt al-Turkīyah al-ʻUthmānīyah allatī iqtanatʹhā Dār al-Kutub al-Qawmīyah mundhu ʻām 1870 ḥattá nihāyat 1980,</subfield><subfield code="c">vol.1, p.155 no.609</subfield></datafield><datafield tag="520" ind1="8" ind2=" "><subfield code="a">Fine copy of the work on archery by Abdullah el-Kâtip (of the Valide Sultan Camii) with descriptions of archery grounds in Istanbul, Edirne, Bursa, etc. as well as biographical notices for distinguished archers.</subfield></datafield><datafield tag="538" ind1=" " ind2=" "><subfield code="a">Mode of access: Internet.</subfield></datafield><datafield tag="541" ind1=" " ind2=" "><subfield code="c">Purchase ;</subfield><subfield code="a">Acquired by purchase (funds donated by Horace Rackham).</subfield><subfield code="d">1924.</subfield></datafield><datafield tag="546" ind1=" " ind2=" "><subfield code="a">Ottoman Turkish.</subfield></datafield><datafield tag="561" ind1=" " ind2=" "><subfield code="a">Occasional glosses (see p.33, 47, 49, 91).</subfield></datafield><datafield tag="650" ind1=" " ind2="0"><subfield code="a">Manuscripts, Turkish</subfield><subfield code="z">Michigan</subfield><subfield code="z">Ann Arbor.</subfield></datafield><datafield tag="650" ind1=" " ind2="0"><subfield code="a">Archery</subfield><subfield code="z">Turkey</subfield><subfield code="x">History</subfield><subfield code="v">Early works to 1800.</subfield></datafield><datafield tag="650" ind1=" " ind2="0"><subfield code="a">Archers</subfield><subfield code="z">Turkey</subfield><subfield code="v">Biography</subfield><subfield code="v">Early works to 1800.</subfield></datafield><datafield tag="651" ind1=" " ind2="0"><subfield code="a">Turkey</subfield><subfield code="x">History</subfield><subfield code="y">Ottoman Empire, 1288-1918</subfield><subfield code="v">Biography</subfield><subfield code="v">Early works to 1800.</subfield></datafield><datafield tag="655" ind1=" " ind2="7"><subfield code="a">Headpieces (layout features)</subfield><subfield code="y">19th century.</subfield><subfield code="2">aat</subfield></datafield><datafield tag="700" ind1="0" ind2=" "><subfield code="a">Abdülhamid</subfield><subfield code="b">II,</subfield><subfield code="c">Sultan of the Turks,</subfield><subfield code="d">1842-1918,</subfield><subfield code="e">former owner.</subfield></datafield><datafield tag="773" ind1="0" ind2=" "><subfield code="a">Abdul Hamid Collection.</subfield></datafield><datafield tag="880" ind1="1" ind2="0"><subfield code="6">245-03/</subfield><subfield code="a">تذكرۀ رمات,</subfield><subfield code="f">[اوائل القرن 19م؟].</subfield></datafield><datafield tag="880" ind1="0" ind2=" "><subfield code="6">100-01/</subfield><subfield code="a">عبد الله الكاتب.</subfield></datafield><datafield tag="CID" ind1=" " ind2=" "><subfield code="a">006822231</subfield></datafield><datafield tag="DAT" ind1="0" ind2=" "><subfield code="a">20190719102640.0</subfield><subfield code="b">20190719000000.0</subfield></datafield><datafield tag="DAT" ind1="1" ind2=" "><subfield code="a">20190719090653.0</subfield><subfield code="b">2019-07-19T16:12:09Z</subfield></datafield><datafield tag="DAT" ind1="2" ind2=" "><subfield code="a">2015-10-02T18:00:03Z</subfield></datafield><datafield tag="CAT" ind1=" " ind2=" "><subfield code="a">SDR-MIU</subfield><subfield code="d">EX LIBRIS - ALEPH</subfield><subfield code="l">prepare.pl-004-008</subfield></datafield><datafield tag="FMT" ind1=" " ind2=" "><subfield code="a">BK</subfield></datafield><datafield tag="HOL" ind1=" " ind2=" "><subfield code="0">sdr-miu006822231</subfield><subfield code="a">MiU</subfield><subfield code="b">SDR</subfield><subfield code="c">MIU</subfield><subfield code="p">mdp.39015079130616</subfield><subfield code="s">MIU</subfield><subfield code="1">006822231</subfield></datafield><datafield tag="974" ind1=" " ind2=" "><subfield code="b">MIU</subfield><subfield code="c">MIU</subfield><subfield code="d">20190719</subfield><subfield code="s">lit-dlps-dc</subfield><subfield code="u">mdp.39015079130616</subfield><subfield code="y">1840</subfield><subfield code="r">pd</subfield><subfield code="q">bib</subfield><subfield code="t">non-US bib date2 &lt; 1879</subfield></datafield></record></collection>